@Manual(GDB,Title="A Guide to Using GDB",
	Author="Noah Mendelsohn",
	Organization="MIT Project Athena",
	Year=1987,
	Edition="Version 0.1 (DRAFT)")

@Manual(KRB, Title="Whatever the Kerberos document is called",
	Author="BCN, SPM, JIS, JHS, and friends",
	Year=1987,
	Organization="Athena, DEC, Telecom, and Athena")

